<record><leader>00000cas a2200000 a 4500</leader><controlfield tag="001">646070377</controlfield><controlfield tag="008">100706c20099999ctuwr ne      0    0eng c</controlfield><datafield ind1=" " ind2=" " tag="010"><subfield code="a">  2010237535</subfield></datafield><datafield ind1=" " ind2=" " tag="040"><subfield code="a">CZL</subfield><subfield code="b">eng</subfield><subfield code="c">CZL</subfield><subfield code="d">CZL</subfield><subfield code="d">OCLCQ</subfield><subfield code="d">CZL</subfield></datafield><datafield ind1=" " ind2=" " tag="037"><subfield code="b">Valley Press, 542 1/2 Hopmeadow St., Simsbury, CT 06070 1-860-651-4700 (voice) 1-860-606-4599 (fax)</subfield></datafield><datafield ind1=" " ind2=" " tag="042"><subfield code="a">pcc</subfield></datafield><datafield ind1=" " ind2=" " tag="043"><subfield code="a">n-us-ct</subfield></datafield><datafield ind1="1" ind2="4" tag="050"><subfield code="a">AN104.S6</subfield><subfield code="b">V35</subfield></datafield><datafield ind1="0" ind2=" " tag="130"><subfield code="a">Valley press (Simsbury, Conn.)</subfield></datafield><datafield ind1="1" ind2="4" tag="245"><subfield code="a">The valley press.</subfield></datafield><datafield ind1=" " ind2=" " tag="260"><subfield code="a">Simsbury, CT :</subfield><subfield code="b">Valley Press</subfield></datafield><datafield ind1=" " ind2=" " tag="300"><subfield code="a">v. :</subfield><subfield code="b">col. ill. ;</subfield><subfield code="c">44 cm.</subfield></datafield><datafield ind1=" " ind2=" " tag="310"><subfield code="a">Weekly</subfield></datafield><datafield ind1="1" ind2=" " tag="362"><subfield code="a">Began with vol. 1, ed. 1 (Feb. 5, 2009).</subfield></datafield><datafield ind1=" " ind2=" " tag="500"><subfield code="a">"A weekly newspaper distributed to homes in Avon, Burlington, Canton, Farmington and Simsbury."</subfield></datafield><datafield ind1=" " ind2=" " tag="500"><subfield code="a">Distribution expanded to Granby by Vol. 2, ed. 25 (June 24, 2010).</subfield></datafield><datafield ind1=" " ind2=" " tag="588"><subfield code="a">Description based on: Vol. 1, ed. 1 (Feb. 5, 2009); title from masthead.</subfield></datafield><datafield ind1=" " ind2=" " tag="588"><subfield code="a">Latest issue consulted: Vol. 2, ed. 25 (June 24, 2010).</subfield></datafield><datafield ind1=" " ind2="0" tag="651"><subfield code="a">Avon (Conn.)</subfield><subfield code="v">Newspapers.</subfield></datafield><datafield ind1=" " ind2="0" tag="651"><subfield code="a">Burlington (Conn.)</subfield><subfield code="v">Newspapers.</subfield></datafield><datafield ind1=" " ind2="0" tag="651"><subfield code="a">Canton (Conn.)</subfield><subfield code="v">Newspapers.</subfield></datafield><datafield ind1=" " ind2="0" tag="651"><subfield code="a">Farmington (Conn.)</subfield><subfield code="v">Newspapers.</subfield></datafield><datafield ind1=" " ind2="0" tag="651"><subfield code="a">Simsbury (Conn.)</subfield><subfield code="v">Newspapers.</subfield></datafield><datafield ind1=" " ind2=" " tag="752"><subfield code="a">United States</subfield><subfield code="b">Connecticut</subfield><subfield code="c">Hartford</subfield><subfield code="d">Simsbury.</subfield></datafield></record>